@article{Ashoka1961,
  title={The Edicts of Ashoka},
  author={Dhammika, Shravasti},
  journal={Buddhist Publication Society},
  year={1993},
  publisher={Kandy, Sri Lanka}
}

@book{Forster1924,
  title={A Passage to India},
  author={Forster, E. M.},
  year={1924},
  publisher={Edward Arnold, London}
}

@article{Chakrabarti2006,
  title={The Oxford Companion to Indian Archaeology},
  author={Chakrabarti, Dilip K.},
  year={2006},
  publisher={Oxford University Press}
}

@article{Petrie1904,
  title={Methods and Aims in Archaeology},
  author={Petrie, W. M. Flinders},
  year={1904},
  publisher={Macmillan, London}
}

@article{Balasubramaniam2008,
  title={Corrosion resistance of the Delhi iron pillar},
  author={Balasubramaniam, R.},
  journal={Corrosion Science},
  volume={42},
  number={12},
  pages={2103--2129},
  year={2000},
  publisher={Elsevier}
}

@inproceedings{Coningham2013,
  title={The Archaeology of South Asian Cities},
  author={Coningham, Robin and Young, Ruth},
  booktitle={Journal of Archaeological Research},
  volume={21},
  pages={75--141},
  year={2013}
}

@article{Singh2008,
  title={A History of Ancient and Early Medieval India},
  author={Singh, Upinder},
  year={2008},
  publisher={Pearson Education India}
}

@article{Huntington1985,
  title={The Art of Ancient India: Buddhist, Hindu, Jain},
  author={Huntington, Susan L.},
  year={1985},
  publisher={Weatherhill}
}

@book{Basham1951,
  title={History and Doctrines of the Ajivikas},
  author={Basham, A. L.},
  year={1951},
  publisher={Luzac \& Company, London}
}

@article{Dehejia1972,
  title={Early Buddhist Rock Temples},
  author={Dehejia, Vidya},
  year={1972},
  publisher={Thames and Hudson}
}

@article{Dhavalikar1984,
  title={Indian Protohistory},
  author={Dhavalikar, M. K.},
  year={1997},
  publisher={Books \& Books, New Delhi}
}

@article{Kenoyer2006,
  title={Excavations at Harappa},
  author={Kenoyer, J. M.},
  journal={Pakistan Heritage},
  year={2006}
}

@techreport{ASI2019,
  title={Archaeological Survey of India Annual Report},
  author={{Archaeological Survey of India}},
  year={2019},
  institution={Government of India}
}

@article{Acoustic2014,
  title={Acoustical Analysis of Ancient Indian Rock-Cut Caves},
  author={Desai, S. P. and Kulkarni, A. R.},
  journal={Journal of Archaeological Science},
  volume={45},
  pages={234--248},
  year={2014}
}

@article{LaserScan2018,
  title={3D Documentation of Heritage Sites Using Laser Scanning},
  author={Kumar, A. and Sharma, R.},
  journal={Heritage Science},
  volume={6},
  number={1},
  pages={1--15},
  year={2018}
}
